@book{TesisVir, 
		author = {Virginia Francisco},
		title = {Identificación Automática del Contenido Afectivo
							de un Texto y su Papel en la Presentación de Información},
		year = 2008
}

